@manual{Java7DocAtomic,
keywords = {online},
mendeley-tags = {online},
title = {{Package java.util.concurrent.atomic Documentaion}},
url = {https://docs.oracle.com/javase/7/docs/api/java/util/concurrent/atomic/package-summary.html}
}